<record xmlns='http://www.loc.gov/MARC21/slim'><leader>01543cim a22003492u 4500</leader><controlfield tag='001'>3602748</controlfield><controlfield tag='005'>20151214183201.0</controlfield><controlfield tag='007'>ss|lmnjluz|nuu</controlfield><controlfield tag='008'>991101s1978    nyunnn         l    eng d</controlfield><datafield ind1=' ' ind2=' ' tag='035'><subfield code='a'>(NIC)notisASF9813</subfield></datafield><datafield ind1=' ' ind2=' ' tag='035'><subfield code='a'>3602748</subfield></datafield><datafield ind1=' ' ind2=' ' tag='035'><subfield code='a'>(OCoLC)63899881</subfield></datafield><datafield ind1=' ' ind2=' ' tag='040'><subfield code='a'>NIC</subfield><subfield code='c'>NIC</subfield><subfield code='d'>NIC</subfield><subfield code='d'>NIC</subfield></datafield><datafield ind1='1' ind2=' ' tag='100'><subfield code='a'>Culler, Jonathan D.</subfield></datafield><datafield ind1='1' ind2='4' tag='245'><subfield code='a'>The mirror stage</subfield><subfield code='h'>[sound recording]</subfield></datafield><datafield ind1=' ' ind2=' ' tag='260'><subfield code='c'>1978.</subfield></datafield><datafield ind1=' ' ind2=' ' tag='300'><subfield code='a'>1 sound cassette :</subfield><subfield code='b'>analog, mono.</subfield></datafield><datafield ind1=' ' ind2=' ' tag='500'><subfield code='a'>Recorded in Ithaca, NY by Cornell University.</subfield></datafield><datafield ind1=' ' ind2=' ' tag='500'><subfield code='a'>Sponsored by: Society for the Humanities.</subfield></datafield><datafield ind1=' ' ind2=' ' tag='500'><subfield code='a'>Speaker(s): Class of 1916 Professor of English and professor of comparative literature at Cornell University.</subfield></datafield><datafield ind1=' ' ind2=' ' tag='518'><subfield code='a'>Lecture, April 21, 1978.</subfield></datafield><datafield ind1=' ' ind2=' ' tag='520'><subfield code='a'>Culler discusses the interpretation of the Romantic poets set forth in The Mirror &amp; the Lamp,&apos; a work of literary criticism by M. H. Abrams, and suggests that modern interpretations of the works of the Romantic poets have developed within the context of the metaphor set forth within this book.</subfield></datafield><datafield ind1=' ' ind2=' ' tag='540'><subfield code='a'>No reproductions authorized.</subfield></datafield><datafield ind1='1' ind2='0' tag='600'><subfield code='a'>Abrams, M. H.</subfield><subfield code='q'>(Meyer Howard),</subfield><subfield code='d'>1912-2015.</subfield><subfield code='t'>Mirror and the lamp.</subfield></datafield><datafield ind1=' ' ind2='0' tag='650'><subfield code='a'>English literature</subfield><subfield code='x'>History and criticism</subfield><subfield code='x'>Theory, etc.</subfield></datafield><datafield ind1=' ' ind2='0' tag='650'><subfield code='a'>Romanticism.</subfield></datafield><datafield ind1=' ' ind2='7' tag='650'><subfield code='a'>Romanticism</subfield><subfield code='2'>fast</subfield><subfield code='0'>(OCoLC)fst01100133</subfield></datafield><datafield ind1=' ' ind2='7' tag='655'><subfield code='a'>Criticism, interpretation, etc.</subfield><subfield code='2'>fast</subfield><subfield code='0'>(OCoLC)fst01411635</subfield></datafield><datafield ind1=' ' ind2='0' tag='830'><subfield code='a'>High romantic arguments.</subfield></datafield><datafield ind1='1' ind2=' ' tag='899'><subfield code='a'>CULectures</subfield></datafield><datafield ind1=' ' ind2=' ' tag='905'><subfield code='a'>20000120120000.0</subfield></datafield><datafield ind1='2' ind2=' ' tag='948'><subfield code='a'>20141221</subfield><subfield code='b'>m</subfield><subfield code='d'>batch</subfield><subfield code='e'>lts</subfield><subfield code='x'>addfast</subfield></datafield></record>